@article{Notes2013,
    title = {{4H Continuum Mechanics and Elasticity School of Mathematics and Statistics University of Glasgow}},
    year = {2013},
    author = {Notes, Lecture}
}

@article{Yu2005,
    title = {{A DLM/FD method for fluid/flexible-body interactions}},
    year = {2005},
    journal = {Journal of Computational Physics},
    author = {Yu, Zhaosheng},
    number = {1},
    month = {7},
    pages = {1--27},
    volume = {207},
    publisher = {Academic Press},
    url = {https://www.sciencedirect.com/science/article/pii/S0021999105000148},
    doi = {10.1016/J.JCP.2004.12.026},
    issn = {0021-9991}
}

@article{Wang2017,
    title = {{A one-field monolithic fictitious domain method for fluidâ€“structure interactions}},
    year = {2017},
    journal = {Computer Methods in Applied Mechanics and Engineering},
    author = {Wang, Yongxing and Jimack, Peter K. and Walkley, Mark A.},
    month = {4},
    pages = {1146--1168},
    volume = {317},
    publisher = {North-Holland},
    url = {https://www.sciencedirect.com/science/article/pii/S0045782516309227},
    doi = {10.1016/J.CMA.2017.01.023},
    issn = {0045-7825}
}

@article{Hu2016,
    title = {{Aspect ratio dependence of Rayleigh-B{\'{e}}nard convection of cold water near its density maximum in vertical cylindrical containers}},
    year = {2016},
    journal = {International Journal of Heat and Mass Transfer},
    author = {Hu, Yu Peng and Li, You Rong and Wu, Chun Mei},
    doi = {10.1016/j.ijheatmasstransfer.2016.03.016},
    issn = {00179310},
    keywords = {Aspect ratio, Cold water, Density maximum, Heat transfer, Rayleigh-B{\'{e}}nard convection}
}

@article{Lee2018,
    title = {{Capturing gas in a soft granular material}},
    year = {2018},
    author = {Lee, Sungyon and Lee, Jeremy and Mestre, Robin Le and Xu, Feng and MacMinn, Christopher W.},
    pages = {1--11},
    url = {http://arxiv.org/abs/1808.02921},
    arxivId = {1808.02921}
}

@book{Thomases2015a,
    title = {{Complex Fluids in Biological Systems}},
    year = {2015},
    booktitle = {Complex Fluids in Biological Systems},
    author = {Thomases, Becca},
    isbn = {9781493920648},
    doi = {10.1007/978-1-4939-2065-5}
}

@article{Lorenz1963,
    title = {{Deterministic Nonperiodic Flow}},
    year = {1963},
    journal = {Journal of the Atmospheric Sciences},
    author = {Lorenz, Edward N.},
    doi = {10.1175/1520-0469(1963)020<0130:dnf>2.0.co;2},
    issn = {0022-4928}
}

@article{Caulkin2009,
    title = {{Digital predictions of complex cylinder packed columns}},
    year = {2009},
    journal = {Computers and Chemical Engineering},
    author = {Caulkin, R. and Ahmad, A. and Fairweather, M. and Jia, X. and Williams, R. A.},
    doi = {10.1016/j.compchemeng.2008.06.001},
    issn = {00981354},
    keywords = {Cylindrical pellets, Digital packing algorithm, Packed beds, Voidage}
}

@book{Berg2001,
    title = {{E.Coli in motion}},
    year = {2001},
    booktitle = {Springer},
    author = {Berg, Howard C.},
    isbn = {0750303670},
    doi = {10.1118/1.1369117},
    issn = {00942405},
    pmid = {15003161},
    arxivId = {arXiv:gr-qc/9809069v1},
    archivePrefix = {arXiv},
    eprint = {9809069v1},
    primaryClass = {gr-qc}
}

@book{Sadd2009,
    title = {{Elasticity: Theory, Applications, and Numerics}},
    year = {2009},
    booktitle = {Elasticity: Theory, Applications, and Numerics},
    author = {Sadd, Martin H.},
    isbn = {9780123744463},
    doi = {10.1016/B978-0-12-374446-3.X0001-6}
}

@article{Johnson2018,
    title = {{Enhanced gas migration through permeable bubble networks within consolidated soft sediments}},
    year = {2018},
    journal = {AIChE Journal},
    author = {Johnson, Michael and Peakall, Jeffrey and Jia, Xiaodong and Fairweather, Michael and Harbottle, David and Biggs, Simon and Hunter, Timothy N.},
    doi = {10.1002/aic.16223},
    issn = {15475905},
    keywords = {Monte Carlo, bubble, diffusion, sludge, x-ray tomography}
}

@article{Brumley2014,
    title = {{Flagellar synchronization through direct hydrodynamic interactions}},
    year = {2014},
    journal = {eLife},
    author = {Brumley, Douglas R. and Wan, Kirsty Y. and Polin, Marco and Goldstein, Raymond E.},
    doi = {10.7554/eLife.02750.001},
    issn = {2050084X},
    arxivId = {1403.2100}
}

@article{Brennen1977a,
    title = {{Fluid Mechanics of Propulsion by Cilia and Flagella}},
    year = {1977},
    journal = {Annual Review of Fluid Mechanics},
    author = {Brennen, C and Winet, H},
    doi = {10.1146/annurev.fl.09.010177.002011},
    issn = {0066-4189}
}

@article{MacMinn2015,
    title = {{Fluid-driven deformation of a soft granular material}},
    year = {2015},
    journal = {Physical Review X},
    author = {MacMinn, Christopher W. and Dufresne, Eric R. and Wettlaufer, John S.},
    doi = {10.1103/PhysRevX.5.011020},
    issn = {21603308},
    arxivId = {1405.7311},
    keywords = {Fluid dynamics, Mechanics, Soft matter}
}

@article{Johnson2018a,
    title = {{Gas retention and release from nuclear legacy waste}},
    year = {2018},
    journal = {Whiterose repository {\#}20268},
    author = {Johnson, Michael Charles},
    url = {http://etheses.whiterose.ac.uk/20268/}
}

@article{Batchelor1954,
    title = {{Heat transfer by free convection across a closed cavity between vertical boundaries at different temperatures}},
    year = {1954},
    journal = {Quarterly of Applied Mathematics},
    author = {Batchelor, G. K.},
    doi = {10.1090/qam/64563},
    issn = {0033-569X}
}

@article{G.K.BATCHELOR1954,
    title = {{Heat Transfer By Free Convection Across A Closed Cavity Between Vertical Boundaries At Different Temperatures}},
    year = {1954},
    journal = {Quarterly of Applied Mathematics},
    author = {{G. K. BATCHELOR}},
    number = {3},
    pages = {209--233},
    volume = {12}
}

@article{Kreyszig1978,
    title = {{Introductory Functional Analysis with Applications}},
    year = {1979},
    journal = {The Mathematical Gazette},
    author = {Bramwell, M. C. and Kreyszig, Erwin},
    number = {424},
    pages = {137},
    volume = {63},
    isbn = {0471507318},
    doi = {10.2307/3616033},
    issn = {00255572}
}

@article{Strommen2019,
    title = {{Jet Latitude Regimes and the Predictability of the North Atlantic Oscillation}},
    year = {2019},
    author = {Strommen, Kristian},
    pages = {1--25},
    url = {http://arxiv.org/abs/1910.00864},
    arxivId = {1910.00864},
    keywords = {eddy, eddy-driven jet, feedback, jet latitude, nao, persistence, regimes, seasonal prediction, signal-to-noise paradox, winter predictability}
}

@article{Markatos1984,
    title = {{Laminar and turbulent natural convection in an enclosed cavity}},
    year = {1984},
    journal = {International Journal of Heat and Mass Transfer},
    author = {Markatos, N. C. and Pericleous, K. A.},
    doi = {10.1016/0017-9310(84)90145-5},
    issn = {00179310}
}

@article{Elder1965,
    title = {{Laminar free convection in a vertical slot}},
    year = {1965},
    journal = {Journal of Fluid Mechanics},
    author = {Elder, J. W.},
    doi = {10.1017/S0022112065001246},
    issn = {14697645}
}

@article{Caulkin2008,
    title = {{Lattice approaches to packed column simulations}},
    year = {2008},
    journal = {Particuology},
    author = {Caulkin, Richard and Jia, Xiaodong and Fairweather, Mike and Williams, Richard A.},
    doi = {10.1016/j.partic.2008.07.022},
    issn = {16742001},
    keywords = {Bed structure, Lattice Boltzmann simulations, Macroscopic properties, Packed columns, Packing algorithm}
}

@article{Purcell1977a,
    title = {{Life at low Reynolds number}},
    year = {1977},
    journal = {American Journal of Physics},
    author = {Purcell, E. M.},
    doi = {10.1119/1.10903},
    issn = {0002-9505}
}

@article{Goharzadeh_2014,
    title = {{Measurement of fluid velocity development behind a circular cylinder using particle image velocimetry ({\{}PIV{\}})}},
    year = {2014},
    journal = {European Journal of Physics},
    author = {Goharzadeh, Afshin and Molki, Arman},
    number = {1},
    month = {11},
    pages = {15001},
    volume = {36},
    publisher = {{\{}IOP{\}} Publishing},
    url = {https://doi.org/10.1088%2F0143-0807%2F36%2F1%2F015001},
    doi = {10.1088/0143-0807/36/1/015001}
}

@article{Craik1982,
    title = {{Mechanics of Swimming and Flying}},
    year = {1982},
    journal = {Biometrics},
    author = {Craik, A. D. D. and Childress, S.},
    doi = {10.2307/2530474},
    issn = {0006341X}
}

@article{Cicconofri2019,
    title = {{Modelling biological and bio-inspired swimming at microscopic scales: Recent results and perspectives}},
    year = {2019},
    journal = {Computers and Fluids},
    author = {Cicconofri, Giancarlo and DeSimone, Antonio},
    doi = {10.1016/j.compfluid.2018.07.020},
    issn = {00457930},
    keywords = {Cell motility, Control of stokes system, Fluid-structure interaction, Helical trajectories, Low Reynolds number flows, Micro-swimmers, Soft robotics}
}

@misc{Charney1979,
    title = {{Multiple flow equilibria in the atmosphere and blocking.}},
    year = {1979},
    booktitle = {Journal of the Atmospheric Sciences},
    author = {Charney, J. G. and Devore, J. G.},
    number = {7},
    pages = {1205--1216},
    volume = {36},
    doi = {10.1175/1520-0469(1979)036<1205:MFEITA>2.0.CO;2},
    issn = {00224928}
}

@article{DeVahlDavis1983,
    title = {{Natural convection of air in a square cavity: A bench mark numerical solution}},
    year = {1983},
    journal = {International Journal for Numerical Methods in Fluids},
    author = {De Vahl Davis, G.},
    doi = {10.1002/fld.1650030305},
    issn = {10970363},
    keywords = {Bench Mark Solution, Natural Convection, Numerical Methods, Square Cavity}
}

@article{Ganguli2007,
    title = {{Numerical predictions of flow patterns due to natural convection in a vertical slot}},
    year = {2007},
    journal = {Chemical Engineering Science},
    author = {Ganguli, A. A. and Pandit, A. B. and Joshi, J. B.},
    doi = {10.1016/j.ces.2007.05.017},
    issn = {00092509},
    keywords = {Computational fluid dynamics, Flow patterns, Heat transfer, Multicellular convection, Natural convection, Rectangular slots}
}

@article{Beal2006,
    title = {{Passive propulsion in vortex wakes}},
    year = {2006},
    journal = {Journal of Fluid Mechanics},
    author = {Beal, D. N. and Hover, F. S. and Triantafyllou, M. S. and Liao, J. C. and Lauder, G. V.},
    doi = {10.1017/S0022112005007925},
    issn = {00221120}
}

@article{Caulkin2012,
    title = {{Predictions of porosity and fluid distribution through nonspherical-packed columns}},
    year = {2012},
    journal = {AIChE Journal},
    author = {Caulkin, Richard and Jia, Xiaodong and Fairweather, Michael and Williams, Richard A.},
    doi = {10.1002/aic.12691},
    issn = {00011541},
    keywords = {Chemical reactors, Fluid velocity distribution, Packed bed, Simulation, Voidage}
}

@article{Crommelin2003,
    title = {{Regime transitions and heteroclinic connections in a barotropic atmosphere}},
    year = {2003},
    journal = {Journal of the Atmospheric Sciences},
    author = {Crommelin, D. T.},
    doi = {10.1175/1520-0469(2003)060<0229:RTAHCI>2.0.CO;2},
    issn = {00224928}
}

@article{Johnson2019,
    title = {{Sediment Microstructure and the Establishment of Gas Migration Pathways during Bubble Growth}},
    year = {2019},
    journal = {Environmental Science and Technology},
    author = {Johnson, Michael and Peakall, Jeffrey and Fairweather, Michael and Barnes, Martyn and Davison, Sushma and Jia, Xiaodong and Clare, Michael A. and Harbottle, David and Hunter, Timothy N.},
    doi = {10.1021/acs.est.9b03034},
    issn = {15205851}
}

@article{Caulkin2009a,
    title = {{Simulations of structures in packed columns and validation by x-ray tomography}},
    year = {2009},
    journal = {Industrial and Engineering Chemistry Research},
    author = {Caulkin, R. and Jia, X. and Xu, C. and Fairweather, M. and Williams, R. A. and Stitt, H. and Nijemeisland, M. and Aferka, S. and Crine, M. and L{\'{e}}onard, A. and Toye, D. and Marchot, P.},
    doi = {10.1021/ie800033a},
    issn = {08885885}
}

@article{Batchelor1970,
    title = {{Slender-body theory for particles of arbitrary cross-section in Stokes flow}},
    year = {1970},
    journal = {Journal of Fluid Mechanics},
    author = {Batchelor, G. K.},
    doi = {10.1017/S002211207000191X},
    issn = {14697645}
}

@article{Cohen2010b,
    title = {{Swimming at low Reynolds number: A beginners guide to undulatory locomotion}},
    year = {2010},
    journal = {Contemporary Physics},
    author = {Cohen, Netta and Boyle, Jordan H.},
    number = {2},
    pages = {103--123},
    volume = {51},
    doi = {10.1080/00107510903268381},
    issn = {00107514},
    arxivId = {arXiv:0908.2769v1},
    keywords = {Low Reynolds numbers regime, Undulatory locomotion}
}

@article{Lauga2009,
    title = {{The hydrodynamics of swimming microorganisms}},
    year = {2009},
    journal = {Reports on Progress in Physics},
    author = {Lauga, Eric and Powers, Thomas R.},
    doi = {10.1088/0034-4885/72/9/096601},
    issn = {00344885},
    arxivId = {0812.2887}
}

@article{Cox1970,
    title = {{The motion of long slender bodies in a viscous fluid Part 1. General theory}},
    year = {1970},
    journal = {Journal of Fluid Mechanics},
    author = {Cox, R. G.},
    doi = {10.1017/S002211207000215X},
    issn = {14697645}
}

@article{Boudreau2012a,
    title = {{The physics of bubbles in surficial, soft, cohesive sediments}},
    year = {2012},
    journal = {Marine and Petroleum Geology},
    author = {Boudreau, Bernard P.},
    number = {1},
    pages = {1--18},
    volume = {38},
    publisher = {Elsevier Ltd},
    url = {http://dx.doi.org/10.1016/j.marpetgeo.2012.07.002},
    doi = {10.1016/j.marpetgeo.2012.07.002},
    issn = {02648172},
    keywords = {Bubble growth, Bubble rise, Bubbles, Cohesive sediments, Methane, Sediment mechanics}
}

@article{Liu2016,
    title = {{The role of sediment structure in gas bubble storage and release}},
    year = {2016},
    journal = {Journal of Geophysical Research: Biogeosciences},
    author = {Liu, L. and Wilkinson, J. and Koca, K. and Buchmann, C. and Lorke, A.},
    doi = {10.1002/2016JG003456},
    issn = {21698961},
    keywords = {bubble formation, ebullition, methane, sediment properties}
}

@misc{Kneller2000,
    title = {{The structure and fluid mechanics of turbidity currents: A review of some recent studies and their geological implications}},
    year = {2000},
    booktitle = {Sedimentology},
    author = {Kneller, Ben and Buckee, Clare},
    doi = {10.1046/j.1365-3091.2000.047s1062.x},
    issn = {00370746},
    keywords = {Froude number, Gravity current, Hyperpycnal, Richardson number, Stratification, Topography, Turbulence}
}

@article{Mallinson1977,
    title = {{Three-dimensional natural convection in a box: A numerical study}},
    year = {1977},
    journal = {Journal of Fluid Mechanics},
    author = {Mallinson, G. D. and Davis, G. De Vahl},
    doi = {10.1017/S0022112077001013},
    issn = {14697645}
}

@article{Woollings2010,
    title = {{Variability of the North Atlantic eddy-driven jet stream}},
    year = {2010},
    journal = {Quarterly Journal of the Royal Meteorological Society},
    author = {Woollings, Tim and Hannachi, Abdel and Hoskins, Brian},
    doi = {10.1002/qj.625},
    issn = {00359009},
    keywords = {East Atlantic pattern, North Atlantic Oscillation, Weather regimes}
}

@article{Johnson2017,
    title = {{Yield stress dependency on the evolution of bubble populations generated in consolidated soft sediments}},
    year = {2017},
    journal = {AIChE Journal},
    author = {Johnson, Michael and Fairweather, Michael and Harbottle, David and Hunter, Timothy N. and Peakall, Jeffrey and Biggs, Simon},
    doi = {10.1002/aic.15731},
    issn = {15475905},
    keywords = {gas retention, nuclear waste, x-ray tomography, yield stress}
}

@article{Ambaum2014AVariability,
    title = {{A nonlinear oscillator describing storm track variability}},
    year = {2014},
    journal = {Quarterly Journal of the Royal Meteorological Society},
    author = {Ambaum, Maarten H.P. and Novak, Lenka},
    doi = {10.1002/qj.2352},
    issn = {1477870X},
    keywords = {Baroclinicity, Convection, Nonlinear oscillator, Storm track}
}

@article{Ingham1990ANumbers,
    title = {{A numerical investigation into the steady flow past a rotating circular cylinder at low and intermediate Reynolds numbers}},
    year = {1990},
    journal = {Journal of Computational Physics},
    author = {Ingham, D. B. and Tang, T.},
    doi = {10.1016/0021-9991(90)90227-R},
    issn = {10902716}
}

@article{Scaife2018AScience,
    title = {{A signal-to-noise paradox in climate science}},
    year = {2018},
    journal = {npj Climate and Atmospheric Science},
    author = {Scaife, Adam A. and Smith, Doug},
    number = {1},
    volume = {1},
    publisher = {Springer US},
    url = {http://dx.doi.org/10.1038/s41612-018-0038-4},
    doi = {10.1038/s41612-018-0038-4},
    issn = {2397-3722}
}

@article{Johnson1980AnFlow,
    title = {{An improved slender-body theory for Stokes flow}},
    year = {1980},
    journal = {Journal of Fluid Mechanics},
    author = {Johnson, Robert E.},
    doi = {10.1017/S0022112080000687},
    issn = {14697645}
}

@book{Vallis2019AtmosphericEdition,
    title = {{Atmospheric and Oceanic Fluid Dynamics (2nd Edition)}},
    year = {2019},
    booktitle = {Journal of Chemical Information and Modeling},
    author = {Vallis, Geoffrey K.},
    number = {9},
    pages = {1689--1699},
    volume = {53},
    isbn = {9788578110796},
    doi = {10.1017/CBO9781107415324.004},
    issn = {1098-6596},
    pmid = {25246403},
    arxivId = {arXiv:1011.1669v3},
    keywords = {icle}
}

@incollection{Holton2015DynamicalOverview,
    title = {{Dynamical Meteorology: Overview}},
    year = {2015},
    booktitle = {Encyclopedia of Atmospheric Sciences: Second Edition},
    author = {Holton, J. R.},
    isbn = {9780123822260},
    doi = {10.1016/B978-0-12-382225-3.00138-9}
}

@article{Unal2010EffectCylinder,
    title = {{Effect of turbulence modelling on the computation of the near-wake flow of a circular cylinder}},
    year = {2010},
    journal = {Ocean Engineering},
    author = {{\"{U}}nal, UÇ§ur Oral and Atlar, Mehmet and G{\"{o}}ren, Ã–mer},
    doi = {10.1016/j.oceaneng.2009.12.007},
    issn = {00298018},
    keywords = {Circular cylinder, Near-wake flow, RANS, Turbulence modelling}
}

@article{Lighthill1976FlagellarHydrodynamics,
    title = {{Flagellar Hydrodynamics}},
    year = {1976},
    journal = {SIAM Review},
    author = {Lighthill, James},
    doi = {10.1137/1018040},
    issn = {0036-1445}
}

@article{Johnson1979FlagellarTheory,
    title = {{Flagellar hydrodynamics. A comparison between resistive-force theory and slender-body theory}},
    year = {1979},
    journal = {Biophysical Journal},
    author = {Johnson, R. E. and Brokaw, C. J.},
    doi = {10.1016/S0006-3495(79)85281-9},
    issn = {00063495}
}

@book{Zdravkovich1997FlowCylinders,
    title = {{Flow around circular cylinders}},
    year = {1997},
    booktitle = {Flow around circular cylinders},
    author = {Zdravkovich, M. M.},
    publisher = {Oxford University Press},
    isbn = {0198563965}
}

@article{Keevil2006FlowChannel,
    title = {{Flow structure in sinuous submarine channels: Velocity and turbulence structure of an experimental submarine channel}},
    year = {2006},
    journal = {Marine Geology},
    author = {Keevil, Gareth M. and Peakall, Jeff and Best, James L. and Amos, Kathryn J.},
    doi = {10.1016/j.margeo.2006.03.010},
    issn = {00253227},
    keywords = {gravity current, physical model, secondary flow, submarine channels}
}

@article{Sher2015GravitySelf-similarity,
    title = {{Gravity currents: Entrainment, stratification and self-similarity}},
    year = {2015},
    journal = {Journal of Fluid Mechanics},
    author = {Sher, Diana and Woods, Andrew W.},
    month = {10},
    pages = {130--162},
    volume = {784},
    publisher = {Cambridge University Press},
    doi = {10.1017/jfm.2015.576},
    issn = {14697645},
    keywords = {geophysical and geological flows, gravity currents, mixing and dispersion}
}

@article{Karabelas2012HighCylinder,
    title = {{High Reynolds number turbulent flow past a rotating cylinder}},
    year = {2012},
    journal = {Applied Mathematical Modelling},
    author = {Karabelas, S. J. and Koumroglou, B. C. and Argyropoulos, C. D. and Markatos, N. C.},
    number = {1},
    month = {1},
    pages = {379--398},
    volume = {36},
    doi = {10.1016/j.apm.2011.07.032},
    issn = {0307904X},
    keywords = {Magnus effect, Rotating cylinder, Turbulent separated flows, Vortex shedding}
}

@misc{Lauga2011LifeTheorem,
    title = {{Life around the scallop theorem}},
    year = {2011},
    booktitle = {Soft Matter},
    author = {Lauga, Eric},
    doi = {10.1039/c0sm00953a},
    issn = {1744683X},
    arxivId = {1011.3051}
}

@incollection{Best2001MeanProfiling,
    title = {{Mean Flow and Turbulence Structure of Sediment-Laden Gravity Currents: New Insights using Ultrasonic Doppler Velocity Profiling}},
    year = {2001},
    booktitle = {Particulate Gravity Currents},
    author = {Best, J. L. and Kirkbride, A. D. and Peakall, J.},
    month = {3},
    pages = {157--172},
    publisher = {Blackwell Publishing Ltd.},
    doi = {10.1002/9781444304275.ch12}
}

@article{Goharzadeh2014MeasurementPIV,
    title = {{Measurement of fluid velocity development behind a circular cylinder using particle image velocimetry (PIV)}},
    year = {2014},
    journal = {European Journal of Physics},
    author = {Goharzadeh, Afshin and Molki, Arman},
    number = {1},
    month = {11},
    pages = {15001},
    volume = {36},
    publisher = {IOP Publishing},
    url = {https://doi.org/10.1088%2F0143-0807%2F36%2F1%2F015001},
    doi = {10.1088/0143-0807/36/1/015001}
}

@article{Ornes2017MedicalDiagnostics,
    title = {{Medical microrobots have potential in surgery, therapy, imaging, and diagnostics}},
    year = {2017},
    journal = {Proceedings of the National Academy of Sciences of the United States of America},
    author = {Ornes, Stephen},
    doi = {10.1073/pnas.1716034114},
    issn = {10916490}
}

@article{Rajani2009NumericalCylinder,
    title = {{Numerical simulation of laminar flow past a circular cylinder}},
    year = {2009},
    journal = {Applied Mathematical Modelling},
    author = {Rajani, B. N. and Kandasamy, A. and Majumdar, Sekhar},
    number = {3},
    month = {3},
    pages = {1228--1247},
    volume = {33},
    doi = {10.1016/j.apm.2008.01.017},
    issn = {0307904X},
    keywords = {Circular cylinder, Implicit finite volume method, Laminar flow, Three-dimensional flow, Unsteady RANS procedure, Vortex shedding}
}

@article{Catalano2003NumericalNumbers,
    title = {{Numerical simulation of the flow around a circular cylinder at high Reynolds numbers}},
    year = {2003},
    journal = {International Journal of Heat and Fluid Flow},
    author = {Catalano, Pietro and Wang, Meng and Iaccarino, Gianluca and Moin, Parviz},
    number = {4},
    pages = {463--469},
    volume = {24},
    publisher = {Elsevier},
    doi = {10.1016/S0142-727X(03)00061-4},
    issn = {0142727X},
    keywords = {Circular cylinder, High Reynolds number flows, Large-eddy simulation, Navier-Stokes equations, Unsteady RANS, Wall modeling}
}

@article{Kumar2006PredictionCylinder,
    title = {{Prediction of the critical Reynolds number for flow past a circular cylinder}},
    year = {2006},
    journal = {Computer Methods in Applied Mechanics and Engineering},
    author = {Kumar, Bhaskar and Mittal, Sanjay},
    number = {44-47},
    month = {9},
    pages = {6046--6058},
    volume = {195},
    publisher = {North-Holland},
    url = {https://www.sciencedirect.com/science/article/pii/S0045782505004536?via%3Dihub},
    doi = {10.1016/J.CMA.2005.10.009},
    issn = {0045-7825}
}

@article{Stone1996PropulsionDistortions,
    title = {{Propulsion of Microorganisms by Surface Distortions}},
    year = {1996},
    journal = {Physical Review Letters},
    author = {Stone, Howard A. and Samuel, Aravinthan D.T.},
    number = {19},
    pages = {4102--4104},
    volume = {77},
    doi = {10.1103/PhysRevLett.77.4102},
    issn = {10797114}
}

@phdthesis{Goswami2017QPMSSigma,
    title = {{qPMS Sigma - An Efficient and Exact Parallel Algorithm for the Planted ( l , d ) qPMS Sigma}},
    year = {2017},
    author = {Goswami, Dhiman and Dhar, Saurav},
    number = {February},
    school = {Bangladesh University of Engineering and Technology},
    doi = {10.13140/RG.2.2.24976.51200}
}

@article{Smith2016SeasonalProspects,
    title = {{Seasonal to decadal prediction of the winter North Atlantic Oscillation: Emerging capability and future prospects}},
    year = {2016},
    journal = {Quarterly Journal of the Royal Meteorological Society},
    author = {Smith, Doug M. and Scaife, Adam A. and Eade, Rosie and Knight, Jeff R.},
    doi = {10.1002/qj.2479},
    issn = {1477870X},
    keywords = {Arctic Oscillation, Decadal prediction, North Atlantic Oscillation, Seasonal prediction}
}

@article{Strommen2018SignalOscillation,
    title = {{Signal and noise in regime systems: a hypothesis on the predictability of the North Atlantic Oscillation}},
    year = {2018},
    journal = {Quarterly Journal of the Royal Meteorological Society},
    author = {Strommen, K and Palmer, T N},
    publisher = {Wiley},
    url = {http://10.0.3.234/qj.3414 https://dx.doi.org/10.1002/qj.3414},
    doi = {10.1002/qj.3414},
    issn = {0035-9009}
}

@article{Keller1976Slender-bodyFlow,
    title = {{Slender-body theory for slow viscous flow}},
    year = {1976},
    journal = {Journal of Fluid Mechanics},
    author = {Keller, Joseph B. and Rubinow, Sol I.},
    doi = {10.1017/S0022112076000475},
    issn = {14697645}
}

@article{Badr1989SteadyNumbers,
    title = {{Steady and unsteady flow past a rotating circular cylinder at low Reynolds numbers}},
    year = {1989},
    journal = {Computers and Fluids},
    author = {Badr, H. M. and Dennis, S. C.R. and Young, P. J.S.},
    doi = {10.1016/0045-7930(89)90030-3},
    issn = {00457930}
}

@article{Geer1976StokesRevolution,
    title = {{Stokes flow past a slender body of revolution}},
    year = {1976},
    journal = {Journal of Fluid Mechanics},
    author = {Geer, James},
    doi = {10.1017/S0022112076002619},
    issn = {14697645}
}

@article{Schneider2006TheAtmosphere,
    title = {{The General Circulation of the Atmosphere}},
    year = {2006},
    journal = {Annual Review of Earth and Planetary Sciences},
    author = {Schneider, Tapio},
    number = {1},
    pages = {655--688},
    volume = {34},
    doi = {10.1146/annurev.earth.34.031405.125144},
    issn = {0084-6597},
    keywords = {baroclinic eddies, hadley circulation, jets, macroturbulence}
}

@article{Novak2015TheTrack,
    title = {{The life cycle of the North Atlantic storm track}},
    year = {2015},
    journal = {Journal of the Atmospheric Sciences},
    author = {Novak, Lenka and Ambaum, Maarten H.P. and Tailleux, RÃ©mi},
    number = {2},
    pages = {821--833},
    volume = {72},
    doi = {10.1175/JAS-D-14-0082.1},
    issn = {15200469}
}

@article{Kumar2010TheChemotaxis,
    title = {{The physics of flagellar motion of E. coli during chemotaxis}},
    year = {2010},
    journal = {Biophysical Reviews},
    author = {Kumar, M. Siva and Philominathan, P.},
    doi = {10.1007/s12551-009-0024-5},
    issn = {18672450},
    keywords = {Bacterial chemotaxis, Equations of flagellar motion, Flagellar hydrodynamics, Low Reynolds number flow}
}

@article{Gray1955TheSpermatozoa,
    title = {{The Propulsion of Sea-Urchin Spermatozoa}},
    year = {1955},
    journal = {Journal of Experimental Biology},
    author = {Gray, B Y J and Hancockf, G J},
    number = {4},
    pages = {802--814},
    volume = {32},
    issn = {0022-0949},
    keywords = {amplitude, anatomy, biology, drag, propulsion, psammechinus, psammechinus miliaris, sea urchin, spermatozoon}
}

@article{Hoskins1983TheSystems.,
    title = {{The shape, propagation and mean-flow interaction of large-scale weather systems.}},
    year = {1983},
    journal = {Journal of the Atmospheric Sciences},
    author = {Hoskins, B. J. and James, I. N. and White, G. H.},
    doi = {10.1175/1520-0469(1983)040<1595:TSPAMF>2.0.CO;2},
    issn = {00224928}
}

@article{Childress2004TransitionRe,
    title = {{Transition from ciliary to flapping mode in a swimming mollusc: Flapping flight as a bifurcation in Re{$\omega$}}},
    year = {2004},
    journal = {Journal of Fluid Mechanics},
    author = {Childress, Stephen and Dudley, Robert},
    doi = {10.1017/S002211200300689X},
    issn = {00221120}
}

@article{Childress2004TransitionReb,
    title = {{Transition from ciliary to flapping mode in a swimming mollusc: Flapping flight as a bifurcation in Re{$\omega$}}},
    year = {2004},
    journal = {Journal of Fluid Mechanics},
    author = {Childress, Stephen and Dudley, Robert},
    doi = {10.1017/S002211200300689X},
    issn = {00221120}
}

@article{Young2004TurbulenceFlow,
    title = {{Turbulence models and boundary conditions for bluff body flow}},
    year = {2004},
    journal = {15th Australasian Fluid Mech. Conf., The University {\ldots}},
    author = {Young, Me and Ooi, A}
}

@article{Kneller1999VelocityCurrents,
    title = {{Velocity structure, turbulence and fluid stresses in experimental gravity currents}},
    year = {1999},
    journal = {Journal of Geophysical Research: Oceans},
    author = {Kneller, Benjamin C. and Bennett, Sean J. and McCaffrey, William D.},
    number = {C3},
    month = {3},
    pages = {5381--5391},
    volume = {104},
    publisher = {American Geophysical Union (AGU)},
    doi = {10.1029/1998jc900077},
    issn = {2169-9291}
}